@techreport{ChuanLin-HSPSO,
	AUTHOR  = {Chuan Lin Quanyuan Feng},
	TITLE   = {A Hierarchical Subpopulation Particle Swarm Optimization Algorithm},  
	YEAR    = 2007,
	SCHOOL	= {Southwest Jiaotong University}
}

@techreport{Clerc-Standards,
	AUTHOR	= {Maurice Clerc},
	TITLE	= {Standard Particle Swarm Optimisation From 2006 to 2011},
	YEAR	= 2012
}